@misc{lecun1998mnist,
  title={The MNIST database of handwritten digits},
  author={LeCun, Yann and Cortes, Corinna and Burges, Christopher JC},
  year={1998}
}

@inproceedings{defferrard2016convolutional,
  title={Convolutional neural networks on graphs with fast localized spectral filtering},
  author={Defferrard, Micha{\"e}l and Bresson, Xavier and Vandergheynst, Pierre},
  booktitle={Advances in Neural Information Processing Systems},
  pages={3837--3845},
  year={2016}
}

@article{bruna2013spectral,
  title={Spectral networks and locally connected networks on graphs},
  author={Bruna, Joan and Zaremba, Wojciech and Szlam, Arthur and LeCun, Yann},
  journal={arXiv preprint arXiv:1312.6203},
  year={2013}
}

@article{hammond2011wavelets,
  title={Wavelets on graphs via spectral graph theory},
  author={Hammond, David K and Vandergheynst, Pierre and Gribonval, R{\'e}mi},
  journal={Applied and Computational Harmonic Analysis},
  volume={30},
  number={2},
  pages={129--150},
  year={2011},
  publisher={Elsevier}
}

@article{dhillon2007weighted,
  title={Weighted graph cuts without eigenvectors a multilevel approach},
  author={Dhillon, Inderjit S and Guan, Yuqiang and Kulis, Brian},
  journal={IEEE transactions on pattern analysis and machine intelligence},
  volume={29},
  number={11},
  pages={1944--1957},
  year={2007},
  publisher={IEEE}
}

@misc{tensorflow2015-whitepaper,
title={{TensorFlow}: Large-Scale Machine Learning on Heterogeneous Systems},
url={http://tensorflow.org/},
note={Software available from tensorflow.org},
author={
    Mart\'{\i}n~Abadi and
    Ashish~Agarwal and
    Paul~Barham and
    Eugene~Brevdo and
    Zhifeng~Chen and
    Craig~Citro and
    Greg~S.~Corrado and
    Andy~Davis and
    Jeffrey~Dean and
    Matthieu~Devin and
    Sanjay~Ghemawat and
    Ian~Goodfellow and
    Andrew~Harp and
    Geoffrey~Irving and
    Michael~Isard and
    Yangqing Jia and
    Rafal~Jozefowicz and
    Lukasz~Kaiser and
    Manjunath~Kudlur and
    Josh~Levenberg and
    Dan~Man\'{e} and
    Rajat~Monga and
    Sherry~Moore and
    Derek~Murray and
    Chris~Olah and
    Mike~Schuster and
    Jonathon~Shlens and
    Benoit~Steiner and
    Ilya~Sutskever and
    Kunal~Talwar and
    Paul~Tucker and
    Vincent~Vanhoucke and
    Vijay~Vasudevan and
    Fernanda~Vi\'{e}gas and
    Oriol~Vinyals and
    Pete~Warden and
    Martin~Wattenberg and
    Martin~Wicke and
    Yuan~Yu and
    Xiaoqiang~Zheng},
  year={2015},
}

@article{LeCun1998-Lenet5,
archivePrefix = {arXiv},
arxivId = {1102.0183},
author = {LeCun, Yann and Bottou, L??on and Bengio, Yoshua and Haffner, Patrick},
doi = {10.1109/5.726791},
eprint = {1102.0183},
isbn = {0018-9219},
issn = {00189219},
journal = {Proceedings of the IEEE},
keywords = {Convolutional neural networks,Document recognition,Finite state transducers,Gradient-based learning,Graph transformer networks,Machine learning,Neural networks,Optical character recognition (OCR)},
number = {11},
pages = {2278--2323},
pmid = {15823584},
title = {{Gradient-based learning applied to document recognition}},
volume = {86},
year = {1998}
}

@article{VonLuxburg2007,
archivePrefix = {arXiv},
arxivId = {arXiv:0711.0189v1},
author = {{Von Luxburg}, Ulrike},
doi = {10.1007/s11222-007-9033-z},
eprint = {arXiv:0711.0189v1},
isbn = {0960-3174},
issn = {09603174},
journal = {Statistics and Computing},
keywords = {Graph Laplacian,Spectral clustering},
number = {4},
pages = {395--416},
pmid = {19784854},
title = {{A tutorial on spectral clustering}},
volume = {17},
year = {2007}
}

@article{Shuman2013,
archivePrefix = {arXiv},
arxivId = {1211.0053},
author = {Shuman, David I. and Narang, Sunil K. and Frossard, Pascal and Ortega, Antonio and Vandergheynst, Pierre},
doi = {10.1109/MSP.2012.2235192},
eprint = {1211.0053},
isbn = {1053-5888 VO - 30},
issn = {10535888},
journal = {IEEE Signal Processing Magazine},
number = {3},
pages = {83--98},
title = {{The emerging field of signal processing on graphs}},
volume = {30},
year = {2013}
}

@article{Zeiler2012,
archivePrefix = {arXiv},
arxivId = {1212.5701},
author = {Zeiler, Matthew D.},
eprint = {1212.5701},
isbn = {1212.5701},
journal = {arXiv},
pages = {6},
title = {{ADADELTA: An Adaptive Learning Rate Method}},
url = {http://arxiv.org/abs/1212.5701},
year = {2012}
}

@article{DBLP:journals/corr/BronsteinBLSV16,
  author    = {Michael M. Bronstein and
               Joan Bruna and
               Yann LeCun and
               Arthur Szlam and
               Pierre Vandergheynst},
  title     = {Geometric deep learning: going beyond Euclidean data},
  journal   = {CoRR},
  volume    = {abs/1611.08097},
  year      = {2016},
  url       = {http://arxiv.org/abs/1611.08097},
  timestamp = {Thu, 01 Dec 2016 19:32:08 +0100},
  biburl    = {http://dblp.uni-trier.de/rec/bib/journals/corr/BronsteinBLSV16},
  bibsource = {dblp computer science bibliography, http://dblp.org}
}


@article{2016arXiv161107308K,
   author = {{Kipf}, T.~N. and {Welling}, M.},
    title = "{Variational Graph Auto-Encoders}",
  journal = {ArXiv e-prints},
archivePrefix = "arXiv",
   eprint = {1611.07308},
 primaryClass = "stat.ML",
 keywords = {Statistics - Machine Learning, Computer Science - Learning},
     year = 2016,
    month = nov,
   adsurl = {http://adsabs.harvard.edu/abs/2016arXiv161107308K},
  adsnote = {Provided by the SAO/NASA Astrophysics Data System}
}

@article{DBLP:journals/corr/KipfW16,
  author    = {Thomas N. Kipf and
               Max Welling},
  title     = {Semi-Supervised Classification with Graph Convolutional Networks},
  journal   = {CoRR},
  volume    = {abs/1609.02907},
  year      = {2016},
  url       = {http://arxiv.org/abs/1609.02907},
  timestamp = {Mon, 03 Oct 2016 17:51:10 +0200},
  biburl    = {http://dblp.uni-trier.de/rec/bib/journals/corr/KipfW16},
  bibsource = {dblp computer science bibliography, http://dblp.org}
}